@article{aguilera2020,
	title = {Agroecology for adaptation to climate change and resource depletion in the Mediterranean region. A review},
	author = {Aguilera, Eduardo and {Díaz-Gaona}, Cipriano and {García-Laureano}, Raquel and Reyes-Palomo, Carolina and {Guzmán}, Gloria I. and Ortolani, Livia and {Sánchez-Rodríguez}, Manuel and {Rodríguez-Estévez}, Vicente},
	year = {2020},
	month = {05},
	date = {2020-05},
	journal = {Agricultural Systems},
	pages = {102809},
	volume = {181},
	doi = {10.1016/j.agsy.2020.102809},
	url = {https://linkinghub.elsevier.com/retrieve/pii/S0308521X19310005},
	langid = {en}
}


@article{carrascoandrése.2014,
	title = {Declaración Latinoamericana por una Ciencia Digna},
	author = {{Carrasco, Andrés E.}, },
	year = {2014},
	month = {06},
	date = {2014-06-17},
	url = {https://www.biodiversidadla.org/Documentos/Declaracion_Latinoamericana_por_una_Ciencia_Digna_-_Por_la_prohibicion_de_los_transgenicos_en_Latinoamerica}
}

@article{altieri1989,
	title = {Agroecology: A New Research and Development Paradigm for World Agriculture},
	author = {Altieri, Miguel A},
	year = {1989},
	langid = {en}
}

@book{thestat2023,
	title = {The State of Food Security and Nutrition in the World 2023},
	author = {FAO},
	year = {2023},
	month = {07},
	date = {2023-07-12},
	publisher = {FAO; IFAD; UNICEF; WFP; WHO;},
	doi = {10.4060/cc3017en},
	url = {http://www.fao.org/documents/card/en/c/cc3017en},
	note = {DOI: 10.4060/cc3017en},
	langid = {en}
}

@inbook{crutzen2021,
	title = {The `Anthropocene' (2000)},
	author = {Crutzen, Paul J. and Stoermer, Eugene F.},
	editor = {Benner, Susanne and Lax, Gregor and Crutzen, Paul J. and {Pöschl}, Ulrich and Lelieveld, Jos and Brauch, {Hans Günter}},
	year = {2021},
	date = {2021},
	publisher = {Springer International Publishing},
	pages = {19{\textendash}21},
	doi = {10.1007/978-3-030-82202-6_2},
	url = {https://doi.org/10.1007/978-3-030-82202-6_2},
	note = {DOI: 10.1007/978-3-030-82202-6{\_}2},
	address = {Cham}
}

@book{agnoletti2006,
	title = {The Conservation of Cultural Landscapes},
	author = {Agnoletti, M.},
	year = {2006},
	date = {2006},
	publisher = {CABI Pub.},
	series = {CABI Publishing Series},
	url = {https://books.google.es/books?id=5QeSUdYvAjwC},
	note = {LCCN: 2006006978}
}

@article{guzmáncasado2009,
	title = {Preindustrial agriculture versus organic agriculture},
	author = {{Guzmán Casado}, G.I. and {González De Molina}, M.},
	year = {2009},
	month = {04},
	date = {2009-04},
	journal = {Land Use Policy},
	pages = {502--510},
	volume = {26},
	number = {2},
	doi = {10.1016/j.landusepol.2008.07.004},
	url = {https://linkinghub.elsevier.com/retrieve/pii/S026483770800080X},
	langid = {en}
}

@book{gonzálezdemolina2014,
	title = {The Social Metabolism: A Socio-Ecological Theory of Historical Change},
	author = {{González de Molina}, Manuel and Toledo, {Víctor M.}},
	year = {2014},
	date = {2014},
	publisher = {Springer International Publishing : Imprint: Springer},
	series = {Environmental History},
	number = {3},
	edition = {1st ed. 2014},
	doi = {10.1007/978-3-319-06358-4},
	note = {DOI: 10.1007/978-3-319-06358-4},
	address = {Cham}
}


@incollection{change2019land,
  title={Land: An IPCC Special Report on Climate Change},
  author={IPCC},
  booktitle={Desertification, Land Degradation, Sustainable Land Management, Food Security, and Greenhouse Gas Fluxes in Terrestrial Ecosystems},
  volume={41},
  year={2019}
}

@article{tilman2001,
	title = {Forecasting Agriculturally Driven Global Environmental Change},
	author = {Tilman, David and Fargione, Joseph and Wolff, Brian and {D'Antonio}, Carla and Dobson, Andrew and Howarth, Robert and Schindler, David and Schlesinger, William H. and Simberloff, Daniel and Swackhamer, Deborah},
	year = {2001},
	month = {04},
	date = {2001-04-13},
	journal = {Science},
	pages = {281--284},
	volume = {292},
	number = {5515},
	doi = {10.1126/science.1057544},
	url = {https://www.science.org/doi/10.1126/science.1057544},
	langid = {en}
}

@article{foley2005,
	title = {Global Consequences of Land Use},
	author = {Foley, Jonathan A. and DeFries, Ruth and Asner, Gregory P. and Barford, Carol and Bonan, Gordon and Carpenter, Stephen R. and Chapin, F. Stuart and Coe, Michael T. and Daily, Gretchen C. and Gibbs, Holly K. and Helkowski, Joseph H. and Holloway, Tracey and Howard, Erica A. and Kucharik, Christopher J. and Monfreda, Chad and Patz, Jonathan A. and Prentice, I. Colin and Ramankutty, Navin and Snyder, Peter K.},
	year = {2005},
	month = {07},
	date = {2005-07-22},
	journal = {Science},
	pages = {570--574},
	volume = {309},
	number = {5734},
	doi = {10.1126/science.1111772},
	url = {https://www.science.org/doi/10.1126/science.1111772},
	langid = {en}
}


@book{weis2013,
	title = {The ecological hoofprint: the global burden of industrial livestock},
	author = {Weis, Anthony John},
	year = {2013},
	date = {2013},
	publisher = {Zed Books},
	note = {OCLC: ocn851828028},
	address = {London}
}

@book{garridopeñafrancisco2007,
	title = {El paradigma ecológico en las ciencias sociales},
	author = {Garrido Peña, Francisco and González de Molina, Manuel and Serrano, José Luis and Solana, José Luis (eds.)},
	year = {2007},
	date = {2007},
	publisher = {Icaria},
	series = {Antrazyt},
	address = {Barcelona},
	langid = {spa}
}

@article{toledo2012grandes,
  title={Los grandes problemas ecol{\'o}gicos},
  author={Toledo, V{\'\i}ctor M},
  journal={Armando Bartra},
  pages={29--34},
  year={2012}
}

@article{rockstrom2009planetary,
  title={Planetary boundaries: exploring the safe operating space for humanity},
  author={Rockstrom, Johan and Steffen, Will and Noone, Kevin and Persson, Asa and Chapin III, F Stuart and Lambin, Eric and Lenton, Timothy M and Scheffer, Marten and Folke, Carl and Schellnhuber, Hans Joachim and others},
  journal={Ecology and society},
  volume={14},
  pages={1--33},
  year={2009},
  publisher={Resilience Alliance Publications}
}
@article{steffen2015,
	title = {Planetary boundaries: Guiding human development on a changing planet},
	author = {Steffen, Will and Richardson, Katherine and {Rockström}, Johan and Cornell, Sarah E. and Fetzer, Ingo and Bennett, Elena M. and Biggs, Reinette and Carpenter, Stephen R. and De Vries, Wim and De Wit, Cynthia A. and Folke, Carl and Gerten, Dieter and Heinke, Jens and Mace, Georgina M. and Persson, Linn M. and Ramanathan, Veerabhadran and Reyers, Belinda and {Sörlin}, Sverker},
	year = {2015},
	month = {02},
	date = {2015-02-13},
	journal = {Science},
	pages = {1259855},
	volume = {347},
	number = {6223},
	doi = {10.1126/science.1259855},
	url = {https://www.science.org/doi/10.1126/science.1259855},
	langid = {en}
}

@article{campbell2017,
	title = {Agriculture production as a major driver of the Earth system exceeding planetary boundaries},
	author = {Campbell, Bruce M. and Beare, Douglas J. and Bennett, Elena M. and Hall-Spencer, Jason M. and Ingram, John S. I. and Jaramillo, Fernando and Ortiz, Rodomiro and Ramankutty, Navin and Sayer, Jeffrey A. and Shindell, Drew},
	year = {2017},
	date = {2017},
	journal = {Ecology and Society},
	pages = {art8},
	volume = {22},
	number = {4},
	doi = {10.5751/ES-09595-220408},
	url = {https://www.ecologyandsociety.org/vol22/iss4/art8/},
	langid = {en}
}

@article{worldbankgroup2022,
	title = {Commodity Markets Outlook: The Impact of the War in Ukraine on Commodity Markets},
	author = {World Bank, Group},
	year = {2022},
	month = {04},
	journal = {World Bank, Washington, DC. License: Creative Commons Attribution CC BY 3.0 IGO.},
	date = {2022-04}
}

@article{king1956nuclear,
  title={Nuclear energy and the fossil fuels},
  author={Hubbert M, King},
  journal={American Petroleum Institute. Publication},
  number={95},
  pages={1--40},
  year={1956}
}

@article{hall2009minimum,
  title={What is the minimum EROI that a sustainable society must have?},
  author={Hall, Charles AS and Balogh, Stephen and Murphy, David JR},
  journal={Energies},
  volume={2},
  number={1},
  pages={25--47},
  year={2009},
  publisher={Molecular Diversity Preservation International}
}

@misc{hall2011introduction,
  title={Introduction to special issue on new studies in EROI (Energy Return on Investment)},
  author={Hall, Charles AS},
  journal={Sustainability},
  volume={3},
  number={10},
  pages={1773--1777},
  year={2011},
  publisher={Molecular Diversity Preservation International (MDPI)}
}
@article{laherrère2022,
	title = {How much oil remains for the world to produce? Comparing assessment methods, and separating fact from fiction},
	author = {{Laherrère}, Jean and Hall, Charles A.S. and Bentley, Roger},
	year = {2022},
	date = {2022},
	journal = {Current Research in Environmental Sustainability},
	pages = {100174},
	volume = {4},
	doi = {10.1016/j.crsust.2022.100174},
	url = {https://linkinghub.elsevier.com/retrieve/pii/S2666049022000524},
	langid = {en}
}

@book{cordell2010,
	title = {The story of phosphorus: sustainability implications of global phosphorus scarcity for food security},
	author = {Cordell, Dana},
	year = {2010},
	date = {2010},
	publisher = {Department of Water and Environmental Studies [The Tema Institute], Linköping University},
	note = {OCLC: 636393632},
	address = {Linköping},
	langid = {en}
}

@book{valerocapilla2015,
	title = {Thanatia: the destiny of the Earth's mineral resources: a cradle-to-cradle thermodynamic assessment},
	author = {Valero Capilla, Antonio and Valero Delgado, Alicia},
	year = {2015},
	date = {2015},
	publisher = {World Scientific},
	address = {New Jersey},
	langid = {en}
}

@article{shearman2012,
	title = {Are we approaching {\textquoteleft}peak timber{\textquoteright} in the tropics?},
	author = {Shearman, Philip and Bryan, Jane and Laurance, William F.},
	year = {2012},
	month = {07},
	date = {2012-07},
	journal = {Biological Conservation},
	pages = {17--21},
	volume = {151},
	number = {1},
	doi = {10.1016/j.biocon.2011.10.036},
	url = {https://linkinghub.elsevier.com/retrieve/pii/S0006320711004526},
	langid = {en}
}

@article{aguilera2019,
	title = {Methane Emissions from Artificial Waterbodies Dominate the Carbon Footprint of Irrigation: A Study of Transitions in the Food{\textendash}Energy{\textendash}Water{\textendash}Climate Nexus (Spain, 1900{\textendash}2014)},
	author = {Aguilera, Eduardo and Vila-Traver, Jaime and Deemer, Bridget R. and Infante-Amate, Juan and {Guzmán}, Gloria I. and {González De Molina}, Manuel},
	year = {2019},
	month = {05},
	date = {2019-05-07},
	journal = {Environmental Science & Technology},
	pages = {5091--5101},
	volume = {53},
	number = {9},
	doi = {10.1021/acs.est.9b00177},
	url = {https://pubs.acs.org/doi/10.1021/acs.est.9b00177},
	langid = {en}
}

@book{united2011decoupling,
  title={Decoupling natural resource use and environmental impacts from economic growth},
  author={UNEP, IRP},
  year={2011},
  publisher={UNEP/Earthprint}
}

@article{unep2016global,
  title={Global material flows and resource productivity},
  author={UNEP, IRP and Fischer-Kowalski, M and West, J and Giljum, S and Dittrich, M and Eisenmenger, N},
  journal={Assessment report for the UNEP international resource panel. United Nations Environment Programme, Nairobi},
  year={2016}
}

@book{demolina2021,
	title = {Introducción a la agroecología política},
	author = {González de Molina, {Manuel} and Petersen, Paulo Frederico and {Peña}, Francisco Garrido and Caporal, Francisco Roberto},
	year = {2021},
	month = {07},
	date = {2021-07-01},
	publisher = {Consejo Latinoamericano de Ciencias Sociales. CLACSO},
	doi = {10.2307/j.ctv2v88fc8},
	url = {http://www.jstor.org/stable/10.2307/j.ctv2v88fc8},
	note = {DOI: 10.2307/j.ctv2v88fc8},
	langid = {es}
}

@misc{bensin1928agroecological,
  title={Agroecological characteristics description and classification of the local corn varieties},
  author={Bensin, BM},
  year={1928},
  publisher={Chorotypes}
}

@article{henin1967acquisitions,
  title={Les acquisitions techniques en production v{\'e}g{\'e}tale et leur application},
  author={H{\'e}nin, St{\'e}phane},
  journal={{\'E}conomie rurale},
  volume={74},
  number={1},
  pages={37--44},
  year={1967},
  publisher={Pers{\'e}e-Portail des revues scientifiques en SHS}
}

@article{shiva1989violence,
  title={The violence of the green revolution: Ecological degradation and political conflict in Punjab},
  author={Shiva, Vandana},
  journal={(No Title)},
  year={1989}
}

@incollection{hecht1995evolution,
  title={The evolution of agroecological thought},
  author={Hecht, Susanna B},
  booktitle={Agroecology},
  pages={1--19},
  year={1995},
  publisher={CRC Press}
}

@incollection{altieri1987agroecology,
  title={Agroecology: the scientific basis of alternative agriculture},
  author={Altieri, Miguel A},
  publisher={Westview Press, Boulder, CO},
  pages={227},
  year={1987}
}

@incollection{gliessman1990agroecology,
  title={Agroecology: researching the ecological basis for sustainable agriculture},
  author={Gliessman, Stephen R},
  booktitle={Agroecology: researching the ecological basis for sustainable agriculture},
  pages={3--10},
  year={1990},
  publisher={Springer}
}
@article{wezel2009,
	title = {A quantitative and qualitative historical analysis of the scientific discipline of agroecology},
	author = {Wezel, A. and Soldat, V.},
	year = {2009},
	month = {02},
	date = {2009-02},
	journal = {International Journal of Agricultural Sustainability},
	pages = {3--18},
	volume = {7},
	number = {1},
	doi = {10.3763/ijas.2009.0400},
	url = {https://www.tandfonline.com/doi/full/10.3763/ijas.2009.0400},
	langid = {en}
}

@article{levidow2014,
	title = {Agroecological Research: Conforming{\textemdash}or Transforming the Dominant Agro-Food Regime?},
	author = {Levidow, Les and Pimbert, Michel and Vanloqueren, Gaetan},
	year = {2014},
	month = {11},
	date = {2014-11-26},
	journal = {Agroecology and Sustainable Food Systems},
	pages = {1127--1155},
	volume = {38},
	number = {10},
	doi = {10.1080/21683565.2014.951459},
	url = {http://www.tandfonline.com/doi/abs/10.1080/21683565.2014.951459},
	langid = {en}
}

@article{schneidewind2016pledge,
  title={Pledge for a transformative science: A conceptual framework},
  author={Schneidewind, Uwe and Singer-Brodowski, Mandy and Augenstein, Karoline and Stelzer, Franziska},
  year={2016},
  publisher={DEU}
}

@article{méndez2013,
	title = {Agroecology as a Transdisciplinary, Participatory, and Action-Oriented Approach},
	author = {{Méndez}, V. Ernesto and Bacon, Christopher M. and Cohen, Roseann},
	year = {2013},
	month = {01},
	date = {2013-01-01},
	journal = {Agroecology and Sustainable Food Systems},
	pages = {3--18},
	volume = {37},
	number = {1},
	doi = {10.1080/10440046.2012.736926},
	url = {https://www.tandfonline.com/doi/full/10.1080/10440046.2012.736926},
	langid = {en}
}

@article{holt2013agroecology,
  title={Agroecology, food sovereignty, and the new green revolution},
  author={Holt-Gim{\'e}nez, Eric and Altieri, Miguel A},
  journal={Agroecology and sustainable Food systems},
  volume={37},
  number={1},
  pages={90--102},
  year={2013},
  publisher={Taylor \& Francis}
}

@incollection{mcmichael2006feeding,
  title={Feeding the world: agriculture, development and ecology},
  author={McMichael, Philip},
  journal={Socialist register 2007},
  volume={43},
  year={2006},
  pages={170--194},
  publisher={Londres: Merlin Press}
}

@misc{iaastd2009,
    author = {{International Assessment of Agricultural Knowledge Science and Technology for Development (IAASTD)}, United Nations Environment Programme},
    title = {Agriculture at a Crossroads: Synthesis Report},
    year = {2009},
    abstract = {},
    url = {https://wedocs.unep.org/20.500.11822/7862}
}

@article{deschutter2011agroecology,
  title={Agroecology and the right to food},
  author={De Schutter, Olivier and others},
  journal={Report presented at the 16th session of the United Nations Human Rights Council [A/HRC/16/49]},
  volume={8},
  year={2011}
}

@book{HLPE12,
author = {HLPE},
year = {2017},
month = {09},
pages = {},
title = {Nutrition and food systems. A report by the High Level Panel of Experts on Food Security and
Nutrition of the Committee on World Food Security.},
publisher={Rome}
}

@article{ostrom2009,
	title = {A General Framework for Analyzing Sustainability of Social-Ecological Systems},
	author = {Ostrom, Elinor},
	year = {2009},
	month = {07},
	date = {2009-07-24},
	journal = {Science},
	pages = {419--422},
	volume = {325},
	number = {5939},
	doi = {10.1126/science.1172133},
	url = {https://www.sciencemag.org/lookup/doi/10.1126/science.1172133},
	langid = {en}
}

@book{ostrom1990governing,
  title={Governing the commons: The evolution of institutions for collective action},
  author={Ostrom, Elinor},
  year={1990},
  publisher={Cambridge university press}
}

@misc{ostrom2001commons,
  title={Commons, institutional diversity of. Encyclopedia of Biodiversity, Volume I},
  author={Ostrom, E},
  year={2001},
  publisher={Academic Press}
}

@article{lowder2016,
	title = {The Number, Size, and Distribution of Farms, Smallholder Farms, and Family Farms Worldwide},
	author = {Lowder, Sarah K. and Skoet, Jakob and Raney, Terri},
	year = {2016},
	date = {2016},
	journal = {World Development},
	pages = {16--29},
	volume = {87},
	doi = {https://doi.org/10.1016/j.worlddev.2015.10.041},
	url = {https://www.sciencedirect.com/science/article/pii/S0305750X15002703}
}

@book{handbook-R-Man,
author = {Mangiafico, Sal},
year = {2016},
month = {01},
pages = {},
title = {Summary and Analysis of Extension Program Evaluation in R}
}

@book{guzman2000,
author = {Guzmán Casado, Gloria Isabael and Molina, Manuel and Guzmán, Eduardo},
year = {2000},
month = {01},
pages = {535},
title = {Introducción a la Agroecología como Desarrollo Rural Sostenible},
publisher = {Ed: Mundi-Prensa. Madrid.},
}

@article{eurostat2023,
  title={Air emissions accounts for greenhouse gases by NACE Rev. 2 activity - quarterly data},
  author={EUROSTAT},
  year={2023},
  url = {https://ec.europa.eu/eurostat/databrowser/view/ENV_AC_AIGG_Q__custom_2691128/bookmark/table?lang=en&bookmarkId=4bb9ab20-296b-4119-88e9-580ea7741c0a}
}

@article{oedl2015,
author = {Theresia Oedl-Wieser},
title = {Gender equality: a core dimension in Rural Development Programmes in Austria?},
journal = {Gender, Place \& Culture},
volume = {22},
number = {5},
pages = {685-699},
year = {2015},
publisher = {Routledge},
doi = {10.1080/0966369X.2013.879103},
URL = {https://doi.org/10.1080/0966369X.2013.879103}
}

@article{shortall2015,
author = {Sally Shortall},
title = {Gender mainstreaming and the Common Agricultural Policy},
journal = {Gender, Place \& Culture},
volume = {22},
number = {5},
pages = {717-730},
year = {2015},
publisher = {Routledge},
doi = {10.1080/0966369X.2014.939147},
URL = {https://doi.org/10.1080/0966369X.2014.939147}
}

@article{zagata2015,
	title = {Deconstructing the {\textquoteleft}young farmer problem in Europe{\textquoteright}: Towards a research agenda},
	author = {Zagata, Lukas and Sutherland, Lee-Ann},
	year = {2015},
	date = {2015},
	journal = {Journal of Rural Studies},
	pages = {39--51},
	volume = {38},
	doi = {https://doi.org/10.1016/j.jrurstud.2015.01.003},
	url = {https://www.sciencedirect.com/science/article/pii/S0743016715000042}
}

@article{leonard2017,
	title = {Policy drivers of farm succession and inheritance},
	author = {Leonard, Brian and Kinsella, Anne and {O{\textquoteright}Donoghue}, Cathal and Farrell, Maura and Mahon, Marie},
	year = {2017},
	date = {2017},
	journal = {Land Use Policy},
	pages = {147--159},
	volume = {61},
	doi = {https://doi.org/10.1016/j.landusepol.2016.09.006},
	url = {https://www.sciencedirect.com/science/article/pii/S0264837715302805}
}

@article{altieri2020,
	title = {Agroecology and the emergence of a post COVID-19 agriculture},
	author = {Altieri, Miguel A. and Nicholls, Clara Ines},
	year = {2020},
	month = {09},
	date = {2020-09},
	journal = {Agriculture and Human Values},
	pages = {525--526},
	volume = {37},
	number = {3},
	doi = {10.1007/s10460-020-10043-7},
	url = {https://link.springer.com/10.1007/s10460-020-10043-7},
	langid = {en}
}

@article{recanati2019,
	title = {Assessing the role of CAP for more sustainable and healthier food systems in Europe: A literature review},
	author = {Recanati, F. and Maughan, C. and Pedrotti, M. and Dembska, K. and Antonelli, M.},
	year = {2019},
	month = {02},
	date = {2019-02},
	journal = {Science of The Total Environment},
	pages = {908--919},
	volume = {653},
	doi = {10.1016/j.scitotenv.2018.10.377},
	url = {https://linkinghub.elsevier.com/retrieve/pii/S0048969718342773},
	langid = {en}
}

@techreport{IPCC2023,
	title = {Climate Change 2023: Synthesis Report.},
	author = {IPCC},
	year = {2023},
	month = {07},
	date = {2023-07-25},
	doi = {10.59327/IPCC/AR6-9789291691647},
	url = {https://www.ipcc.ch/report/ar6/syr/}
}

@techreport{UNEP2023,
	title = {Global Sustainable Development Report 2023: Times of crisis, times of change: Science for accelerating transformations to sustainable development.},
	author = {UNEP},
	year = {2023}
}

@book{commons2021,
	title = {Sustaining the Commons},
	author = {Anderies, John M. and Janssen, Marco A.},
	year = {2016},
	publisher = {Center for Behavior, Institutions and the Environment.},
	url = {https://sustainingthecommons.org/},
}
@article{kontogeorgos2015,
	title = {Agricultural Policy and the Environment Protection through the Eyes of New Farmers: Evidence from a Country of Southeast Europe},
	author = {Kontogeorgos, Achilleas and Tsampra, Maria and Chatzitheodoridis, Fotios},
	year = {2015},
	month = {01},
	date = {2015-01-01},
	journal = {The Economies of Balkan and Eastern Europe Countries in the Changed World (EBEEC 2014)},
	pages = {296--303},
	volume = {19},
	doi = {10.1016/S2212-5671(15)00030-1},
	url = {https://www.sciencedirect.com/science/article/pii/S2212567115000301}
}
